% references.bib

% ----------- Scientific Papers -----------

% Can stereo vision replace a laser rangefinder?
@inproceedings{antunes2012can,
  title={Can stereo vision replace a laser rangefinder?},
  author={Antunes, Michel and Barreto, Jo{\~a}o Pedro and Premebida, Cristiano and Nunes, Urbano},
  booktitle={Intelligent Robots and Systems (IROS), 2012 IEEE/RSJ International Conference on},
  pages={5183--5190},
  year={2012},
  organization={IEEE}
}

% Layered costmaps for context-sensitive navigation (ROS COSTMAPS)
@inproceedings{lu2014layered,
  title={Layered costmaps for context-sensitive navigation},
  author={Lu, David V and Hershberger, Dave and Smart, William D},
  booktitle={Intelligent Robots and Systems (IROS 2014), 2014 IEEE/RSJ International Conference on},
  pages={709--715},
  year={2014},
  organization={IEEE}
}

% Adapting the Sample Size in Particle Filters Through KLD-Sampling
@article{fox2003adapting,
  title={Adapting the Sample Size in Particle Filters Through KLD-Sampling},
  author={Fox, Dieter},
  journal={The international Journal of robotics research},
  volume={22},
  number={12},
  pages={985--1003},
  year={2003},
  publisher={SAGE Publications}
}
% Improving Grid-based SLAM with Rao-Blackwellized Particle Filters by Adaptive Proposals and Selective Resampling
@inproceedings{grisetti2005improving,
  title={Improving Grid-based SLAM with Rao-Blackwellized Particle Filters by Adaptive Proposals and Selective Resampling},
  author={Grisetti, Giorgio and Stachniss, Cyrill and Burgard, Wolfram},
  booktitle={Robotics and Automation, 2005. ICRA 2005. Proceedings of the 2005 IEEE International Conference on},
  pages={2432--2437},
  year={2005},
  organization={IEEE}
}
% Monte Carlo Localization for Mobile Robots
@inproceedings{dellaert1999monte,
  title={Monte Carlo Localization for Mobile Robots},
  author={Dellaert, Frank and Fox, Dieter and Burgard, Wolfram and Thrun, Sebastian},
  booktitle={Robotics and Automation, 1999. Proceedings. 1999 IEEE International Conference on},
  volume={2},
  pages={1322--1328},
  year={1999},
  organization={IEEE}
}
% ROS: an open-source Robot Operating System
@inproceedings{quigley2009ros,
  title={ROS: an open-source Robot Operating System},
  author={Quigley, Morgan and Conley, Ken and Gerkey, Brian and Faust, Josh and Foote, Tully and Leibs, Jeremy and Wheeler, Rob and Ng, Andrew Y},
  booktitle={ICRA workshop on open source software},
  volume={3},
  number={3.2},
  pages={5},
  year={2009},
  organization={Kobe}
}

% tf: The Transform Library
@inproceedings{foote2013tf,
  title={tf: The Transform Library},
  author={Foote, Tully},
  booktitle={Technologies for Practical Robot Applications (TePRA), 2013 IEEE International Conference on},
  pages={1--6},
  year={2013},
  organization={IEEE}
}

% HERB / Home exploring robotic butler
@Article{Srinivasa2009,
author="Srinivasa, Siddhartha S.
and Ferguson, Dave
and Helfrich, Casey J.
and Berenson, Dmitry
and Collet, Alvaro
and Diankov, Rosen
and Gallagher, Garratt
and Hollinger, Geoffrey
and Kuffner, James
and Weghe, Michael Vande",
title="HERB: a home exploring robotic butler",
journal="Autonomous Robots",
year="2009",
month="Nov",
day="17",
volume="28",
number="1",
pages="5",
abstract="We describe the architecture, algorithms, and experiments with HERB, an autonomous mobile manipulator that performs useful manipulation tasks in the home. We present new algorithms for searching for objects, learning to navigate in cluttered dynamic indoor scenes, recognizing and registering objects accurately in high clutter using vision, manipulating doors and other constrained objects using caging grasps, grasp planning and execution in clutter, and manipulation on pose and torque constraint manifolds. We also present numerous severe real-world test results from the integration of these algorithms into a single mobile manipulator.",
issn="1573-7527",
doi="10.1007/s10514-009-9160-9",
url="https://doi.org/10.1007/s10514-009-9160-9"
}



% ------------ Online Sources ------------

% REP 105
@online{REP105,
  author = {Wim Meeussen},
  title = {Coordinate Frames for Mobile Platforms},
  year = 2010,
  url = {https://github.com/ros-infrastructure/rep/blob/master/rep-0105.rst},
  note = {[Accessed: 2017-11-14]}
}
% REP 103
@online{REP103,
  author = {Foote, Tully and Purvis, Mike},
  title = {Standard Units of Measure and Coordinate Conventions},
  year = 2010,
  url = {https://github.com/ros-infrastructure/rep/blob/master/rep-0103.rst},
  note = {[Accessed: 2017-11-20]}
}

@misc{robocup-rulebook,
author = {Loy van Beek AND Dirk Holz AND Mauricio Matamoros
AND Caleb Rascon AND and Sven Wachsmuth},
title = {RoboCup@Home 2017: Rules and Regulations},
year = 2017,
howpublished = {\url{http://www.robocupathome.org/rules/2017_rulebook.pdf}},
note = "[Online; accessed 3-January-2018]",
}

@manual{123,
mendeley-groups = {CAN1},
title = {{SD02C User ' s Manual}},
url = {https://docs.google.com/document/d/1eG9g3znP5QTtI92vE031wuY7EALHUdkOYl5FVI{\_}HuRw/view},
year = {2016}
}

@misc{m1,
mendeley-groups = {CAN1},
title = {{9.6V, 0.4A, Planetary Gear Unipolar Stepper Motor}},
url = {http://www.robotshop.com/en/96v-04a-planetary-gear-unipolar-stepper-motor-b.html}
}


@misc{M2andM5,
  mendeley-groups = {CAN1,digit},
  pages = {17--18},
  title = {{12V, 1.7A, 667oz-in NEMA-17 Bipolar Stepper Motor}},
  url = {https://www.robotshop.com/media/files/pdf/datasheet-3329.pdf},
}

@misc{darknet13,
  author =   {Joseph Redmon},
  title =    {Darknet: Open Source Neural Networks in C},
  howpublished = {\url{http://pjreddie.com/darknet/}},
  year = {2013--2016}
}

@article{redmon2016yolo9000,
  title={YOLO9000: Better, Faster, Stronger},
  author={Redmon, Joseph and Farhadi, Ali},
  journal={arXiv preprint arXiv:1612.08242},
  year={2016}
}

@misc{M4,
  title = {{Lynxmotion 12V 480rpm 21.23oz-in 1:5.2 Brushed DC Gear}},
  url = {https://www.robotshop.com/en/lynxmotion-12v-480-rpm-2123oz-in-152-brushed-dc-gear-motor-w--encoder.html}
}


@manual{lidar,
author = {Ag, Sick},
mendeley-groups = {tutorial},
pages = {1--7},
title = {{Lidar-LMS111-10100}},
url = {https://www.sick.com/media/pdf/2/42/842/dataSheet{\_}LMS111-10100{\_}1041114{\_}en.pdf}
}

@misc{Camera,
  title = {{Orbbec Astra Pro camera}},
  url = {https://orbbec3d.com/product-astra-pro/}
}

@misc{servo,
  mendeley-groups = {CAN1,Ali},
  title = {{RB-Rbs-101 Dynamixel AX-18A Smart Serial Servo}},
  url = {http://www.robotshop.com/media/files/PDF/ax-18a-smart-serial-servo-902-0005-001.pdf}
}


@manual{cor,
author = {Board, Evaluation},
mendeley-groups = {nnn},
number = {April},
title = {{User ' s Guide}},
url = {http://www.ti.com/lit/ug/spmu296/spmu296.pdf},
year = {2013}
}


@manual{Board,
author = {Board, Carrier},
mendeley-groups = {3 fingers},
pages = {1--34},
title = {{NVIDIA Jetson TX1 Developer Kit}},
url = {http://developer2.download.nvidia.com/assets/embedded/secure/jetson/TX2/docs/JetsonTX1{\_}TX2{\_}Developer{\_}Kit{\_}Carrier{\_}Board{\_}Specification.pdf?nEualGy-tZZmF-12-xlWzotm80XpTEh8YdVq7imCIL{\_}Vaex2GQy4KRbQV1ep-tXpHcPAm9Xuw5furLmizKNrexiyah5Pf{\_}m0tcf3ifAizFECkqbpAbfR9VJ1kyoZesQTR3N1Q7E8xVVY5h0IrvCFK1b4UboeXJP8ge{\_}aW3eSUPeyUOus5nPXqhXs2ZofZauBd{\_}dQw3gWwUdqhwDX7k06d-A}
}

@manual{Gpu2017,
abstract = {Pascal GPU + ARMv8 + 8GB LPDDR4 + 32GB eMMC + WLAN/BT NVIDIA Tegra Processors.},
author = {Gpu, Pascal and Lpddr, Armv},
pages = {1--61},
title = {{DATA SHEET [ PRELIMINARY ] NVIDIA Jetson TX2 System-on-Module}},
url = {http://aftabcdn.s3.amazonaws.com/aftab/2569-92-4273/TB6600 Stepper Motor Driver SKU{\_} DRI0043 - DFRobot Electronic Product Wiki and Tutorial{\_} Arduino and Robot Wiki-DFRobot.pdf},
journal = {},
year = {2017}
}

@manual{ppp,
author = {User, Product and Sdn, Cytron Technologies and Reserved, All Right},
mendeley-groups = {digit},
title = {{MD30C 30A DC Motor Driver User ' s Manual}},
url = {https://www.robotshop.com/media/files/pdf/md30cusersmanual.pdf}
}

@article{Types2010,
abstract = {ELM327 CAN},
author = {Types, Package and Diagram, Block},
journal = {Technology},
keywords = {MCP2551, High-Speed, CAN Transceiver},
mendeley-groups = {3 fingers},
pages = {1--24},
title = {{High-Speed CAN Transceiver}},
year = {2010}
}


@manual{She2013,
author = {She, A T A},
mendeley-groups = {tutorial,3 fingers},
title = {{Tiva â„¢ TM4C123BE6PM Microcontroller}},
url = {http://www.ti.com/tool/ek-tm4c123gxl},
year = {2013}
}

% references to for the path planner. The same that are used in the UNICORN report
  @misc{pathplannertuningguide,
  title = {ROS navigation tuning guide}, 
  howpublished = {\url{http://kaiyuzheng.me/documents/navguide.pdf}},
  note = "[Accessed: 2018-01-05]",}
  
  @misc{teblocalplannerpackagesite,
  title = {teb\_local\_planner},
  howpublished = {\url{http://wiki.ros.org/teb_local_planner}},
  note = "[Accessed: 2018-01-05]",}
  
  @inproceedings{shamsudin2017two,
  title={Two-stage Hybrid A* path-planning in large petrochemical complexes},
  author={Shamsudin, AU and Ohno, K and Hamada, R and Kojima, S and Mizuno, N and Westfechtel, T and Suzuki, T and Tadokoro, S and Fujita, J and Amano, H},
  booktitle={Advanced Intelligent Mechatronics (AIM), 2017 IEEE International Conference on},
  pages={1619--1626},
  year={2017},
  organization={IEEE}
}

%%%%%%%%%%%%%%%%%%%%%%%%%%%%%%%%%%%%%%%%%%%%%%%%%%%%%%%%%%%%%