@misc{ZEDcamera,
  title = {{ZEd stereo camera specifications}},
  howpublished = "\url{https://www.stereolabs.com/zed/}",
  note = "[Online; accessed 14-December-2017]"
}

@misc{AstraPro,
  title = {{Astra Pro specifications}},
  howpublished = "\url{https://orbbec3d.com/product-astra-pro/}",
  note = "[Online; accessed 14-December-2017]"
}
