@misc{bosch,
  author = "{Robert Bosch}",
  title = {{CAN specification version 2.0}},
  howpublished = "\url{https://www.kvaser.com/software/7330130980914/V1/can2spec.pdf}",
  note = "[Online; accessed 06-January-2018]",
  year = 1991,
}
@misc{Kvaser,
  title = {{CAN Physical Layers}},
  howpublished = "\url{https://www.kvaser.com/about-can/the-can-protocol/can-physical-layers/}",
  note = "[Online; accessed 06-January-2018]",
}
@misc{Axiomatic,
  title = {{What is CAN?}},
  howpublished = "\url{http://www.axiomatic.com/whatiscan.pdf}",
  note = "[Online; accessed 06-January-2018]",
  date = {July 6 2006},
}
@misc{TexasInstruments,
  title = {{TM4C123GH6PM datasheet}},
  howpublished = "\url{http://www.ti.com/lit/ds/symlink/tm4c123gh6pm.pdf}",
  note = "[Online; accessed 06-January-2018]",
  pages= "1-1409",
  date = {June 12 2014},
}




