@misc{Husqvarnalawnmower,
  title = {{Husqvarna 430x specifications}},
  howpublished = "\url{http://www.husqvarna.com/se/produkter/robotgrasklippare/automower-430x/967622521/}",
  note = "[Online; accessed 27-November-2017]"
}